@article{rothermel2001prioritizing,
  title={Prioritizing Test Cases for Regression Testing},
  author={Rothermel, Gregg and Untch, Roland H. and Chu, Chengyun and Harrold, Mary Jean},
  journal={TSE},
  LONGvolume={27},
  LONGnumber={10},
  LONGpages={929--948},
  year={2001},
  LONGpublisher={IEEE},
  LONGnote={https://ieeexplore.ieee.org/document/962562, page 940, figure 5}
}

@InProceedings{Elbaum2000MR,
    author = 	 "Sebastian Elbaum and Alexey G. Malishevsky and Gregg Rothermel",
    title = 	 "Prioritizing test cases for regression testing",
    crossref =     "ISSTA2000",
    OLDKey="ElbaumMR2000"
}

@INPROCEEDINGS{Rothermel1999TCP,
  author={Rothermel, G. and Untch, R.H. and Chengyun Chu and Harrold, M.J.},
  title={Test case prioritization: An empirical study}, 
  crossref="ICSM99",
}

@INPROCEEDINGS{Wong1997TCP,
  author={Wong, W.E. and Horgan, J.R. and London, S. and Agrawal, H.},
  crossref="ISSRE97",
  title={A study of effective regression testing in practice},
}

@inproceedings{elbaum2001incorporating,
  title={Incorporating varying test costs and fault severities into test case prioritization},
  author={Elbaum, Sebastian and Malishevsky, Alexey and Rothermel, Gregg},
  crossref = "ICSE2001",
  LONGbooktitle={Proceedings of the 23rd International Conference on Software Engineering. ICSE 2001},
  LONGpages={329--338},
  LONGyear={2001},
  LONGorganization={IEEE}
}

@incollection{LOU2019PrioritizationSurvey,
    title = {Chapter one - {A} survey on regression test-case prioritization},
    booktitle = {Advances in Computers},
    year = {2019},
    author = {Yiling Lou and Junjie Chen and Lingming Zhang and Dan Hao},
}

@inproceedings{Peng2020IRTCP,
author = {Peng, Qianyang and Shi, August and Zhang, Lingming},
title = {Empirically revisiting and enhancing {IR}-based test-case prioritization},
crossref="ISSTA2020",
}

@inproceedings{mattis2020RTPTorrent,
  title={{RTPTorrent}: An open-source dataset for evaluating regression test prioritization},
  author = {Mattis, Toni and Rein, Patrick and D\"{u}rsch, Falco and Hirschfeld, Robert},
  crossref = "MSR2020",
}

@inproceedings{Chen2018OptTCP,
author = {Chen, Junjie and Lou, Yiling and Zhang, Lingming and Zhou, Jianyi and Wang, Xiaoleng and Hao, Dan and Zhang, Lu},
title = {Optimizing test prioritization via test distribution analysis},
crossref="FSE2018",
}

@inproceedings{Luo2017StudyTCP,
author = {Luo, Qi and Moran, Kevin and Poshyvanyk, Denys},
title = {A large-Scale empirical comparison of static and dynamic test case prioritization techniques},
crossref = "FSE2016",
}

@inproceedings{Lu2016TCP,
author = {Lu, Yafeng and Lou, Yiling and Cheng, Shiyang and Zhang, Lingming and Hao, Dan and Zhou, Yangfan and Zhang, Lu},
title = {How does regression test prioritization perform in real-world software evolution?},
crossref = "ICSE2016"
}

@inproceedings{Busjaeger2016LTCP,
author = {Busjaeger, Benjamin and Xie, Tao},
title = {Learning for test prioritization: An industrial case study},
crossref = "FSE2016"
}

@inproceedings{Spieker2017RLTCP,
author = {Spieker, Helge and Gotlieb, Arnaud and Marijan, Dusica and Mossige, Morten},
title = {Reinforcement learning for automatic test case prioritization and selection in continuous integration},
crossref = "ISSTA2017",
}

@inproceedings{Wang2017QTEP,
author = {Wang, Song and Nam, Jaechang and Tan, Lin},
title = {{QTEP}: Quality-aware test case prioritization},
crossref="FSE2017",
}

@INPROCEEDINGS{Liang2018RedefTCP,
  author={Liang, Jingjing and Elbaum, Sebastian and Rothermel, Gregg},
  title={Redefining prioritization: Continuous prioritization for continuous integration},
  year={2018},
  crossref="ICSE2018",
}

@article{MONDAL2019Mahtab,
title = {Mahtab: Phase-wise acceleration of regression testing for {C}},
journal = {Journal of Systems and Software},
year = {2019},
author = {Shouvick Mondal and Rupesh Nasre},
}

@inproceedings{Bertolino2020LTR,
author = {Bertolino, Antonia and Guerriero, Antonio and Miranda, Breno and Pietrantuono, Roberto and Russo, Stefano},
title = {Learning-to-rank vs ranking-to-learn: Strategies for regression testing in continuous integration},
crossref = "ICSE2020",
}

@inproceedings{Mondal2021N,
author = {Mondal, Shouvick and Nasre, Rupesh},
title = {Summary of {H}ansie: {H}ybrid and consensus regression test prioritization},
crossref = "ICST2021",
}

@article{MONDAL2021Hansie,
title = {Hansie: Hybrid and consensus regression test prioritization},
journal = {Journal of Systems and Software},
year = {2021},
author = {Shouvick Mondal and Rupesh Nasre},
}

@article{Shin2019EmpiricalEO,
  title={Empirical evaluation of mutation‚Äêbased test case prioritization techniques},
  author={Donghwan Shin and Shin Yoo and Mike Papadakis and Doo-Hwan Bae},
  journal={Software Testing, Verification and Reliability},
  year={2019},
}

@misc{expectedvalue,
 LONGtitle = {{Expected Value}},
 key = {Expected value},
 year = {\currentYear{}},
 url = {https://en.wikipedia.org/wiki/Expected\_value}
}

@InProceedings{LuoHEM2014,
    author = "Luo, Qingzhou and Hariri, Farah and Eloussi, Lamyaa and Marinov, Darko",
    title = "An empirical analysis of flaky tests",
	booktitle = "FSE",
	year = 	 2014,
    LONGpages = "643--653",
}

@InProceedings{CloudBuildICSE2016,
	author = {Esfahani, Hamed and Fietz, Jonas and Ke, Qi and Kolomiets, Alexei and Lan, Erica and Mavrinac, Erik and Schulte, Wolfram and Sanches, Newton and Kandula, Srikanth},
	title = "CloudBuild: {M}icrosoft's distributed and caching build service",  
	crossref = "ICSE2016",
	LONGpages={11-20},
}

@InProceedings{KowalczykETAL20ICSE,
	author = {Emily Kowalczyk and Karan Nair and Zebao Gao and Leo Silberstein and Teng Long and Atif Memon},
	title = "Modeling and ranking flaky tests at {A}pple",  
	crossref = "ICSESEIP2020",
	LONGpages={110-120},
}

@INPROCEEDINGS{CDFacebook, 
	author= {Savor, Tony and Douglas, Mitchell and Gentili, Michael and Williams, Laurie and Beck, Kent and Stumm, Michael}, 
	title="Continuous deployment at {F}acebook and {OANDA}", 
	LONGpages={21-30}, 
	crossref = "ICSEC2016",
}

@InProceedings{BellETAL2018ICSE,
    author =       "Jonathan Bell and Owolabi Legunsen and Michael Hilton and Lamyaa Eloussi and Tifany Yung and Darko Marinov",
    title =        "De{F}laker: {A}utomatically detecting flaky tests",
    crossref =     "ICSE2018",
    LONGpages = "433--444",
}

@InProceedings{ShiETAL16NonDex,
    author =       {August Shi and Alex Gyori and Owolabi Legunsen and Darko Marinov},
    title =        "Detecting assumptions on deterministic implementations
    of non-deterministic specifications",
    crossref = "ICST2016",
    LONGpages={80-90},
}

@inproceedings{Bell2014,
    title = {{Detecting, isolating, and enforcing dependencies among and within test cases}},
    author = {Bell, Jonathan},
    LONGpages = {799--802},
    crossref = "FSE2014DS",
}

@InProceedings{BellETAL2015FSE,
    title = "Efficient dependency detection for safe {J}ava test acceleration",
    author = "Bell, Jonathan and Kaiser, Gail and Melski, Eric and Dattatreya, Mohan",
    crossref = "FSE2015",
    LONGpages = "770--781",
}

@InProceedings{HerzigAndNagappan2015ICSE,
	title = "Empirically detecting false test alarms using association rules", 
	author = "Herzig, Kim and Nagappan, Nachiappan",
	booktitle = "ICSE",
	year = 	 2015,
	LONGpages = "39--48",
}

@InProceedings{ZhangETAL2014ISSTA,
	author = "Zhang, Sai and Jalali, Darioush and Wuttke, Jochen and Mu{\c{s}}lu, K{\i}van{\c{c}} and Lam, Wing and Ernst, Michael D. and Notkin, David",
	title = "Empirically revisiting the test independence assumption",
	LONGpages = "385--396",
	crossref = "ISSTA2014",
}

@InProceedings{DuttaETALFLASH,
	author = "Saikat Dutta and August Shi and Rutvik Choudhary and Zhekun Zhang and Aryaman Jain and Sasa Misailovic",
	title = "Detecting flaky tests in probabilistic and machine learning applications",
	LONGpages = "211--224",
	crossref = "ISSTA2020",
}

@InProceedings{LamETAL2020ISSTA,
	author = "Wing Lam and August Shi and Reed Oei and Sai Zhang and Michael D. Ernst and Tao Xie",
	title = "Dependent-test-aware regression testing techniques",
	crossref = "ISSTA2020",
}

@InProceedings{MusluETAL2011FSE,
    author = "Mu\c{s}lu, Kivan\c{c} and Soran, Bilge and Wuttke, Jochen",
    title = "Finding bugs by isolating unit tests",
    crossref = "FSE2011",
    LONGpages = "496--499",
} 

@InProceedings{HarmanOHearn18SCAM,
    author = "Harman, Mark and O'Hearn, Peter",
    title = "From start-ups to scale-ups: Opportunities and open problems for static and dynamic program analysis",
    crossref = "SCAM2018",
    LONGpages = "1--23",
}

@Inproceedings{LamETAL19iDFlakies,
	author = 	 "Wing Lam and Reed Oei and August Shi and Darko Marinov and Tao Xie",
	title = 	 "{iDF}lakies: {A} framework for detecting and partially classifying flaky tests",
	crossref =     "ICST2019",
	LONGpages =	 "312--322",
}

@InProceedings{ShiETAl2019FSE,
    author = "Shi, August and Lam, Wing and Oei, Reed and Xie, Tao and Marinov, Darko",
    title = "i{F}ix{F}lakies: {A} framework for automatically fixing order-dependent flaky tests",
    crossref = "FSE2019",
    LONGpages = "545--555",
}

@InProceedings{HuoAndClause2014FSE,
	author = "Huo, Chen and Clause, James",
	title = "Improving oracle quality by detecting brittle assertions and unused inputs in tests",
	booktitle = "FSE",
	year = 	 2014,
	LONGpages = "621--631",
}

@inproceedings{GaoETAL15FlakySCAM,
	author = "Gao, Zebao and Liang, Yalan and Cohen, Myra B. and Memon, Atif M. and Wang, Zhen",
	title = "Making system user interactive tests repeatable: {W}hen and what should we control?",
    booktitle = "ICSE",
	year = 	 2015,
	LONGpages = "55--65",
}

@MISC{TotT:AvoidingFlakeyTests,
    LONGtitle = "Tot{T}: Avoiding flakey tests",
    key = "Tot{T}: Avoiding flakey tests",
  LONGnote = "\url{http://googletesting.blogspot.com/2008/04/tott-avoiding-flakey-tests.html}",
  note = "\url{http://goo.gl/vHE47r}",
    year = 	 {\currentYear{}},
}

@MISC{FacebookFlakyTestCall,
    LONGtitle = "Facebook testing and verification request for proposals",
    key = "Facebook testing and verification request for proposals",
        year = 	 2019,
    url = {https://research.fb.com/programs/research-awards/proposals/facebook-testing-and-verification-request-for-proposals-2019},
}

@Article{ZellerH2002,
  author = 	 "Andreas Zeller and Ralf Hildebrandt",
  title = 	 "Simplifying and isolating failure-inducing input",
  journal = 	 "TSE",
  year = 	 2002,
}

@article{Do2005SIR,
author = {Do, Hyunsook and Elbaum, Sebastian and Rothermel, Gregg},
title = {Supporting controlled experimentation with testing techniques: An infrastructure and its potential impact},
year = {2005},
journal = {Empirical Software Engineering},
}

@INPROCEEDINGS{Gambi2018,
    author={Gambi, Alessio and Bell, Jonathan and Zeller, Andreas}, 
    title={Practical test dependency detection}, 
    crossref =  "ICST2018",
    LONGpages = {1--11},
}

@InProceedings{GyoriETAL2015ISSTA,
	title = "Reliable testing: {D}etecting state-polluting tests to prevent test dependency",
	author = "Gyori, Alex and Shi, August and Hariri, Farah and Marinov, Darko",
	crossref = "ISSTA2015",
	LONGpages = "223--233",
}

@Inproceedings{LamETAL19RootFinder,
    author = 	 "Wing Lam and Patrice Godefroid and Suman Nath and Anirudh Santhiar and Suresh Thummalapenta",
    title = 	 "Root causing flaky tests in a large-scale industrial setting",
    crossref =     "ISSTA2019",
    LONGpages =	 "101--111",
}

@inproceedings{LamETAL20FaTB,
    title = {{A study on the lifecycle of flaky tests}},
    author = {Lam, Wing and Mu{\c{s}}lu, Kivan\c{c} and Sajnani, Hitesh and Thummalapenta, Suresh},
    LONGpages = {1471--1482},
    crossref = "ICSE2020",
}

@inproceedings{Herzig:2015:ATL,
    author = {Herzig, Kim and Greiler, Michaela and Czerwonka, Jacek and Murphy, Brendan},
    title = "The art of testing less without sacrificing quality",
    booktitle = "ICSE",
	year = 	 2015,
    LONGpages = {483--493},
}

@Inproceedings{FirefoxFlaky,
	author= {Rahman, Md Tajmilur and Rigby, Peter C.},
	title="The impact of failing, flaky, and high failure tests on the number of crash reports associated with {F}irefox builds",
	LONGpages={857--862},
	crossref="FSE2018",
}

@inproceedings{GoogleFlaky,
    title = {{The state of continuous integration testing at Google}},
    year = {2017},
    booktitle = {{ICST}},
    author = {Micco, John},
    LONGurl = {https://bit.ly/2OohAip}
}

@inproceedings{luo2018troubleshooting,
    title = {{Troubleshooting transiently-recurring problems in production systems with blame-proportional logging}},
    author = {Luo, Liang and Nath, Suman and Sivalingam, Lenin Ravindranath and Musuvathi, Madan and Ceze, Luis},
    LONGpages = {321--334},
    crossref="USENIX2020",
}

@inproceedings{EckETAL2019FSE,
    author = {Eck, Moritz and Palomba, Fabio and Castelluccio, Marco and Bacchelli, Alberto},
    title = "Understanding flaky tests: {T}he developer's perspective",
    crossref = "FSE2019",
    LONGpages = {830-840},
}

@InProceedings{BellK2014,
	author = 	 "Bell, Jonathan and Kaiser, Gail",
	title = 	 "Unit test virtualization with {VMVM}",
	crossref =     "ICSE2014",
	LONGpages = 	 "550--561",
}

@inproceedings{CDOSS,
	author = {Hilton, Michael and Tunnell, Timothy and Huang, Kai and Marinov, Darko and Dig, Danny},
	title = "Usage, costs, and benefits of continuous integration in open-source projects",
	crossref = "ASE2016",
	LONGpages = {426--437},
}

@inproceedings{ZiftciReardon17ICSE,
	author = "Ziftci, Celal and Reardon, Jim",
	title = "Who broke the build?: {A}utomatically identifying changes that induce test failures in continuous integration at {G}oogle scale",
	LONGpages = "113--122",
	booktitle = "ICSE",
	year = 	 2017,
}

@inproceedings{LuETAL2008ASPLOS,
    author = {Lu, Shan and Park, Soyeon and Seo, Eunsoo and Zhou, Yuanyuan},
    title = {Learning from mistakes: {A} comprehensive study on real world concurrency bug characteristics},
    LONGpages = {329‚Äì-339},
    crossref = "ASPLOS2008",
}

@inproceedings{PintoETAL2020MSR,
    author = {Gustavo Pinto and Breno Miranda and Supun Dissanayake and Marcelo d'Amorim and Christoph Treude and Antonia Bertolino},
    title = {What is the vocabulary of flaky tests?},
    LONGpages = {492--502},
    crossref = "MSR2020",
}

@inproceedings{TerragniETAL2020ICSENIER,
    author = {Valerio Terragni and Pasquale Salza and Filomena Ferrucci},
    title = {A Container-Based Infrastructure for Fuzzy-Driven Root Causing of Flaky Tests},
    LONGpages = {69--72},
    crossref = "ICSENIER2020",
}

@misc{2020Activiti,
    key = {{Activiti}},
    year = {\currentYear{}},
    url = {https://github.com/activiti/activiti}
}

@misc{Google2008AvoidingTests,
    key = {{Avoiding flakey tests}},
    year = {2008},
    author = {{Google}},
    url = {http://googletesting.blogspot.com/2008/04/tott-avoiding-flakey-tests.html}
}

@misc{2020AzureExplorer,
    key = {{Azure Data Explorer}},
    year = {\currentYear{}},
    url = {https://docs.microsoft.com/en-us/azure/data-explorer}
}

@misc{2020Bazel,
    key = {{Bazel}},
    year = {\currentYear{}},
    url = {https://bazel.build}
}

@misc{2020Buck,
    key = {{Buck}},
    year = {\currentYear{}},
    url = {https://buckbuild.com}
}

@misc{Micco2020ContinuousScale,
    key = {{Continuous integration at Google scale}},
    year = {\currentYear{}},
    author = {Micco, John},
    url = {https://eclipsecon.org/2013/sites/eclipsecon.org.2013/files/2013-03-24{\%}20Continuous{\%}20Integration{\%}20at{\%}20Google{\%}20Scale.pdf}
}

@misc{2020DataTests,
    key = {{Data used by ``A Study on the Lifecycle of Flaky Tests''}},
    year = {\currentYear{}},
    url = {https://github.com/winglam/flaky-test-lifecycle-data}
}

@misc{2020Docker,
    key = {{Docker}},
    year = {\currentYear{}},
    url = {https://www.docker.com}
}

@misc{2020Elastic-Job,
    key = {{Elastic-Job}},
    year = {\currentYear{}},
    url = {https://github.com/elasticjob/elastic-job-lite}
}

@misc{2021Dubbo,
    LONGtitle = {{Dubbo}},
    key = {Dubbo},
    year = {\currentYear{}},
    url = {https://github.com/apache/dubbo}
}

@misc{2021Redpen,
    LONGtitle = {{RedPen}},
    key = {RedPen},
    year = {\currentYear{}},
    url = {https://github.com/redpen-cc/redpen}
}

@misc{Fowler2020EradicatingTests,
    key = {{Eradicating non-determinism in tests}},
    year = {\currentYear{}},
    author = {Fowler, Martin},
    url = {https://martinfowler.com/articles/nonDeterminism.html}
}

@misc{2020ExecutingStudio,
    key = {{Executing unit tests in parallel on a multi-CPU/core machine in Visual Studio}},
    year = {\currentYear{}},
    url = {http://blogs.msdn.com/b/vstsqualitytools/archive/2009/12/01/executing-unit-tests-in-parallel-on-a-multi-cpu-core-machine.aspx}
}

@misc{2020FlakinessHOWTO,
    key = {{Flakiness dashboard HOWTO}},
    year = {\currentYear{}},
    url = {http://www.chromium.org/developers/testing/flakiness-dashboard}
}

@misc{2020GitHub,
    key = {{GitHub}},
    year = {\currentYear{}},
    url = {https://github.com}
}

@misc{Dec2018fastjsonFixes,
    key = {{Pull request \#2148: Fixing flaky tests in DateTest4\_indian and DateTest5\_iso8601}},
    year = {\currentYear{}},
    url = {https://github.com/alibaba/fastjson/pull/2148}
}

@misc{Jun2020fastjsonFixes,
    key = {{Pull request \#3291: Fixing flaky tests in DefaultExtJSONParser\_parseArray}},
    year = {\currentYear{}},
    url = {https://github.com/alibaba/fastjson/pull/3291}
}

@misc{Dec2018incubatorFixes,
    key = {{Pull request \#2906: Fixing flaky tests in PortTelnetHandlerTest}},
    year = {\currentYear{}},
    url = {https://github.com/apache/incubator-dubbo/pull/2906}
}

@misc{Nov2018elasticFixes,
    key = {{Pull request \#592: Fixing flaky test ShutdownListenerManagerTest.assertIsShutdownAlready}},
    year = {\currentYear{}},
    url = {https://github.com/elasticjob/elastic-job-lite/pull/592}
}

@misc{Harry2020HowDelivery,
    key = {{How we approach testing VSTS to enable continuous delivery}},
    year = {\currentYear{}},
    author = {Harry, Brian},
    url = {https://blogs.msdn.microsoft.com/bharry/2017/06/28/testing-in-a-cloud-delivery-cadence}
}

@misc{GitLabManageFlaky,
    key = {{Flaky tests}},
    year = {\currentYear{}},
    url = {https://docs.gitlab.com/ee/development/testing\_guide/flaky\_tests.html}
}

@misc{ManageFlaky,
    key = {{Manage flaky tests}},
    year = {\currentYear{}},
    url = {https://docs.microsoft.com/en-us/azure/devops/pipelines/test/flaky-test-management}
}

@InProceedings{MemonETAL2017ICSE,
    author = "Memon, Atif and Gao, Zebao and Nguyen, Bao and Dhanda, Sanjeev and Nickell, Eric and Siemborski, Rob and Micco, John",
    title = "Taming {G}oogle-scale continuous testing",
    LONGpages = "233--242",
    crossref="ICSESEIP2017",
}

@misc{2020IDFlakies:Dataset,
    key = {iDFlakies: Flaky test dataset},
    LONGtitle = {{iDFlakies: Flaky test dataset}},
    year = {\currentYear{}},
    url = {https://sites.google.com/view/flakytestdataset}
}

@misc{RTPTheoryWebsite,
    key = {Theoretical Analysis of RTP Website},
    title = {A {Theoretical Analysis of Regression Test Prioritization} Website},
    year = {\currentYear{}},
    url = {https://sites.google.com/view/theoretical-analysis-of-rtp}
}

@misc{2020FlakyTestStats,
    key = {{Flaky test statistics}},
    year = {\currentYear{}},
    url = {https://sites.google.com/view/flakyteststatistics}
}

@misc{2020IFixFlakiesFramework,
    key = {{iFixFlakies Framework}},
    year = {\currentYear{}},
    url = {https://sites.google.com/view/ifixflakies}
}

@misc{2020JavaWebSockets,
    key = {{Java WebSockets}},
    year = {\currentYear{}},
    url = {https://github.com/tootallnate/java-websocket}
}

@misc{2020StackExchangePairs,
    key = {Stack{E}xchange -- {C}overing pairs with permutations},
    LONGtitle = {{StackExchange -- {C}overing pairs with permutations}},
    year = {\currentYear{}},
    url = {https://math.stackexchange.com/questions/1769877/covering-pairs-with-permutations}
}

@misc{2021JUnit,
    key = {J{U}nit},
    title = {{JUnit}},
    year = {\currentYear{}},
    url = {https://junit.org}
}

@misc{2021pytest,
    key = {pytest},
    title = {{pytest}},
    year = {\currentYear{}},
    url = {https://docs.pytest.org}
}

@misc{2020RSpec,
    key = {RSpec},
    title = {{RSpec}},
    year = {\currentYear{}},
    url = {https://rspec.info}
}

@misc{2012JUnit7,
    key = {{JUnit and Java 7}},
    year = {\currentYear{}},
    url = {http://intellijava.blogspot.com/2012/05/junit-and-java-7.html}
}

@misc{2020Coefficient,
    key = {Coefficient of variation},
    LONGtitle = {{Coefficient of variation}},
    year = {\currentYear{}},
    url = {https://en.wikipedia.org/wiki/Coefficient\_of\_variation}
}

@misc{2020JUnitAnnotation,
    key = {{JUnit expected annotation}},
    year = {\currentYear{}},
    url = {https://junit.org/junit4/javadoc/4.12/org/junit/Test.html}
}

@misc{2020JUnitAnnotationb,
    key = {{JUnit Ignore annotation}},
    year = {\currentYear{}},
    url = {http://junit.sourceforge.net/javadoc/org/junit/Ignore.html}
}

@misc{2013JUnitOrdering,
    LONGtitle = {{JUnit test method ordering}},
    key = {J{U}nit test method ordering},
    year = {2013},
    url = {http://www.java-allandsundry.com/2013/01}
}

@misc{2021JUnitBefore,
    LONGtitle = {{Before (JUnit API)}},
    key = {Before (J{U}nit {API})},
    year = {\currentYear{}},
    url = {https://junit.org/junit4/javadoc/4.12/org/junit/Before.html}
}

@misc{2021JUnitBeforeClass,
    LONGtitle = {{BeforeClass (JUnit API)}},
    key = {Before{C}lass ({JU}nit {API})},
    year = {\currentYear{}},
    url = {https://junit.org/junit4/javadoc/4.12/org/junit/BeforeClass.html}
}

@misc{2021JUnitAfterClass,
    LONGtitle = {{AfterClass (JUnit API)}},
    key = {After{C}lass ({JU}nit {API})},
    year = {\currentYear{}},
    url = {https://junit.org/junit4/javadoc/4.12/org/junit/AfterClass.html}
}

@misc{2021JUnitAfter,
    LONGtitle = {{After (JUnit API)}},
    key = {After ({JU}nit {API})},
    year = {\currentYear{}},
    url = {https://junit.org/junit4/javadoc/4.12/org/junit/After.html}
}

@misc{2013Maintaining1.7.,
    key = {{Maintaining the order of JUnit3 tests with JDK 1.7.}},
    year = {2013},
    url = {https://coderanch.com/t/600985/engineering/Maintaining-order-JUnit-tests-JDK}
}

@Inproceedings{LamETAL20OOPSLA,
    author = 	 "Wing Lam and Stefan Winter and Anjiang Wei and Tao Xie and Darko Marinov and Jonathan Bell",
    title = 	 "A  large-scale longitudinal study of flaky tests",
    crossref =     "OOPSLA2020",
}

@Inproceedings{LamETAL17FSE,
    author = 	 "Wing Lam and Zhengkai Wu and Dengfeng Li and Wenyu Wang and Haibing Zheng and Hui Luo and Peng Yan and Yuetang Deng and Tao Xie",
    title = 	 "Record and replay for {A}ndroid: {A}re we there yet in industrial cases?",
    crossref =     "FSE2017industry",
}

@Inproceedings{ZhengETAL17ICSE,
    author = 	 "Haibing Zheng and Dengfeng Li and Xia Zeng and Beihai Liang and Wujie Zheng and Yuetang Deng and Wing Lam and Wei Yang and Tao Xie",
    title = 	 "Automated test input generation for {A}ndroid: {T}owards getting there in an industrial case",
    crossref =     "ICSESEIP2017",
}

@Inproceedings{ZengETAL16FSE,
    author = 	 "Xia Zeng and Dengfeng Li and Wujie Zheng and Fan Xia and Yuetang Deng and Wing Lam and Wei Yang and Tao Xie",
    title = 	 "Automated test input generation for {A}ndroid: {A}re we really there yet in an industrial case?",
    crossref =     "FSE2016industry",
}

@Inproceedings{LamETAL20ISSRE,
    author = 	 "Wing Lam and Stefan Winter and Angello Astorga and Victoria Stodden and Darko Marinov",
    title = 	 "Understanding reproducibility and characteristics of flaky tests through test reruns in {J}ava projects",
    crossref =     "ISSRE2020",
}

@misc{2020Maven,
    key = {Maven},
    title = {{Maven}},
    year = {\currentYear{}},
    url = {https://maven.apache.org}
}

@misc{2020Ant,
    key = {Ant},
    LONGtitle = {{Ant}},
    year = {\currentYear{}},
    url = {https://ant.apache.org}
}

@misc{2020Gradle,
    key = {Gradle},
    LONGtitle = {{Gradle}},
    year = {\currentYear{}},
    url = {https://gradle.org}
}

@misc{travisCI,
    LONGtitle = {{Travis CI - Test and deploy with confidence}},
    key = {Travis {CI} - {T}est and deploy with confidence},
    year = {\currentYear{}},
    url = {https://travis-ci.org/}
}

@misc{2020MavenPlugin,
    key = {Maven {S}urefire plugin},
    LONGtitle = {{Maven Surefire plugin}},
    year = {\currentYear{}},
    url = {https://maven.apache.org/surefire/maven-surefire-plugin}
}

@misc{2020MavenTests,
    key = {{Maven Surefire plugin - Rerun failing tests}},
    year = {\currentYear{}},
    url = {https://maven.apache.org/surefire/maven-surefire-plugin/examples/rerun-failing-tests.html}
}

@inproceedings{ShiETAL19iFixFlakies,
author = {Shi, August and Lam, Wing and Oei, Reed and Xie, Tao and Marinov, Darko},
title = "{iFixFlakies: A} framework for automatically fixing order-dependent flaky tests",
crossref="FSE2019",
LONGpages = {545‚Äì555},
}

@misc{2020MicrosoftAzure,
    key = {{Microsoft Azure}},
    year = {\currentYear{}},
    url = {https://azure.microsoft.com}
}

@misc{2020MicrosoftServices,
    key = {{Microsoft Azure - Sizes for cloud services}},
    year = {\currentYear{}},
    url = {https://docs.microsoft.com/en-us/azure/cloud-services/cloud-services-sizes-specs}
}

@misc{Sudarshan2020NoTeam,
    key = {{No more flaky tests on the Go team}},
    year = {\currentYear{}},
    author = {Sudarshan, Pavan},
    url = {http://www.thoughtworks.com/insights/blog/no-more-flaky-tests-go-team}
}

@misc{2018TestOrder,
    key = {{Test execution order}},
    year = {\currentYear{}},
    url = {https://github.com/junit-team/junit4/wiki/Test-execution-order}
}

@misc{2019TestVerification,
    key = {Test {V}erification},
    LONGtitle = {{Test Verification}},
    year = {\currentYear{}},
    url = {https://developer.mozilla.org/en-US/docs/Mozilla/QA/Test\_Verification}
}

@misc{Elbaum2020TheResults,
    key = {{The Google dataset of testing results}},
    year = {\currentYear{}},
    author = {Elbaum, Sebastian and Mclaughlin, Andrew and Penix, John},
    url = {https://code.google.com/p/google-shared-dataset-of-test-suite-results}
}

@misc{Micco2020ToolsScale,
    key = {{Tools for continuous integration at Google scale}},
    year = {\currentYear{}},
    author = {Micco, John},
    url = {https://www.youtube.com/watch?v=KH2{\_}sB1A6lA{\#}t=1407}
}

@misc{2020TotT:Tests,
    key = {{TotT: Avoiding flakey tests}},
    year = {\currentYear{}},
    url = {http://googletesting.blogspot.com/2008/04/tott-avoiding-flakey-tests.html}
}

@article{GolombTaylor85TuscanSquares, 
    author = {Golomb, Solomon W. and Taylor, Herbert}, 
    title = {Tuscan squares -- {A} new family of combinatorial designs}, 
    year = {1985}, 
    journal = {Ars Combinatoria}
}

@article{tillson1980hamiltonian,
  title="A {Hamiltonian} decomposition of {$K_{2m}^{*}$}, {$2m\ge 8$}",
  author={Tillson, Timothy W},
  journal={Journal of Combinatorial Theory, Series B},
  year=1980
}

@article{ollis2013sequenceable,
  title={Sequenceable groups and related topics},
  author={Ollis, Matt},
  journal={Electronic Journal of Combinatorics},
  year=2013
}

@misc{houston2014tackling,
      key={Tackling the Minimal Superpermutation Problem}, 
      author={Robin Houston},
      year={2014},
      eprint={1408.5108},
      archivePrefix={arXiv},
      primaryClass={math.CO},
      note={arXiv}
}

@misc{2020TuscanSquare,
    key = {TuscanSquare},
    LONGtitle = {{TuscanSquare}},
    year = {\currentYear{}},
    url = {https://github.com/Anjiang-Wei/TuscanSquare}
}

@article{nie11:survey,
author = {Nie, Changhai and Leung, Hareton},
title = {A survey of combinatorial testing},
year = {2011},
LONGjournal = {ACM Computing Surveys},
journal = {ACM Comput. Surv.}
}

@misc{1894Lucas,
  key = {{R{\'e}cr{\'e}ations math{\'e}matiques}},
  AUTHOR = {\'Edouard Lucas},
  YEAR = {1894},
}

@misc{2020Undertow,
    key = {{Undertow}},
    year = {\currentYear{}},
    url = {https://github.com/undertow-io/undertow}
}

@misc{2020Riptide,
    key = {{Riptide}},
    year = {\currentYear{}},
    url = {https://github.com/zalando/riptide}
}

@misc{2020Hadoop,
    key = {Apache Hadoop},
    LONGtitle = {{Apache Hadoop}},
    year = {\currentYear{}},
    url = {https://github.com/apache/hadoop}
}

@misc{2020WildFlyServer,
    key = {{WildFly application server}},
    year = {\currentYear{}},
    url = {https://github.com/wildfly/wildfly}
}

@misc{2020WildFlyReport,
    key = {{WildFly bug report}},
    year = {\currentYear{}},
    url = {https://issues.jboss.org/browse/WFLY-11323}
}

@InProceedings{Jiang2009ZCT,
    author = 	 "Jiang, Bo and Zhang, Zhenyu and Chan, W. K. and Tse, T. H.",
    title = 	 "Adaptive random test case prioritization",
    crossref =     "ASE2009",
    OLDKey="JiangZCT2009"
}

@inproceedings{JiangETAL17WhatCausesMyTestAlarm,
  author = {He Jiang and Xiaochen Li and Zijiang Yang and Jifeng Xuan},
  title = "What causes my test alarm? {A}utomatic cause analysis for test alarms in system and integration testing",
  LONGpages = {712--723},
	booktitle = "ICSE",
	year = 	 2017,
}

@misc{Spock2019,
    key = {Spock},
    LONGtitle = {{Spock}},
    year = {\currentYear{}},
    LONGurl = {http://spockframework.org/spock/docs/1.3/index.html},
    url = {http://docs.spockframework.org}
}

@misc{TestNG2019,
    key = {TestNG},
    LONGtitle = {{TestNG}},
    year = {\currentYear{}},
    url = {https://testng.org/doc/documentation-main.html}
}

@misc{Cucumber2020,
    key = {Cucumber},
    LONGtitle = {{Cucumber}},
    year = {\currentYear{}},
    url = {https://cucumber.io/docs/cucumber}
}

@misc{IDoFT,
    author = {Lam, Wing},
    key = {{Illinois Dataset of Flaky Tests (IDoFT)}},
    year = {\currentYear{}},
    url = {http://mir.cs.illinois.edu/flakytests}
}

@inproceedings{engstrom2010paper,
  title={A qualitative survey of regression testing practices},
  author={Engstr{\"o}m, Emelie and Runeson, Per},
  booktitle={PROFES},
  year={2010}
}

@article{rosero201615,
  title={15 years of software regression testing techniques -- A survey},
  author={Rosero, Ra{\'u}l H and G{\'o}mez, Omar S and Rodr{\'\i}guez, Glen},
  journal={International Journal of Software Engineering and Knowledge Engineering},
  volume={26},
  number={05},
  LONGpages={675--689},
  year={2016},
  publisher={World Scientific}
}

@inproceedings{saff2003reducing,
  title={Reducing wasted development time via continuous testing},
  author={Saff, David and Ernst, Michael D},
  LONGbooktitle={14th International Symposium on Software Reliability Engineering, 2003. ISSRE 2003.},
  booktitle={ISSRE},
  LONGpages={281--292},
  year={2003}
}

@Article{Yoo2012H,
    author = 	 "Shin Yoo and Mark Harman",
    title = 	 "Regression testing minimization, selection and prioritization: {A} survey",
    journal = {STVR},
    year = {2012},
    OLDKey="YooH2012,HarmanYooRegressionTestingSurvey,Harman2012Y"
}

@InProceedings{Srivastava2002T,
    author = 	 "Amitabh Srivastava and Jay Thiagarajan",
    title = 	 "Effectively prioritizing tests in development environment",
    crossref =     "ISSTA2002",
    OLDKey="SrivastavaT2002:ISSTA"
}

@InProceedings{Rummel2005KT,
    author = 	 "Rummel, Matthew J. and Kapfhammer, Gregory M. and Thall, Andrew",
    title = 	 "Towards the prioritization of regression test suites with data flow information",
    crossref =     "SAC2005",
    OLDKey="RummelKT2005"
}

@inproceedings{kim2002history,
  title={A history-based test prioritization technique for regression testing in resource constrained environments},
  author={Kim, Jung-Min and Porter, Adam},
  LONGbooktitle={Proceedings of the 24th international conference on software engineering},
  booktitle={ICSE},
  LONGpages={119--129},
  year={2002}
}

@inproceedings{henard2016comparing,
  title={Comparing white-box and black-box test prioritization},
  author={Henard, Christopher and Papadakis, Mike and Harman, Mark and Jia, Yue and Le Traon, Yves},
  LONGbooktitle={2016 IEEE/ACM 38th International Conference on Software Engineering (ICSE)},
  booktitle={ICSE},
  LONGpages={523--534},
  year={2016},
  LONGorganization={IEEE}
}

@inproceedings{saha2015information,
  title={An information retrieval approach for regression test prioritization based on program changes},
  author={Saha, Ripon K and Zhang, Lingming and Khurshid, Sarfraz and Perry, Dewayne E},
  LONGbooktitle={2015 IEEE/ACM 37th IEEE International Conference on Software Engineering},
  booktitle={ICSE},
  LONGvolume={1},
  LONGpages={268--279},
  year={2015},
  LONGorganization={IEEE}
}

@inproceedings{do2004empirical,
  title={Empirical studies of test case prioritization in a JUnit testing environment},
  author={Do, Hyunsook and Rothermel, Gregg and Kinneer, Alex},
  LONGbooktitle={15th international symposium on software reliability engineering},
  booktitle={ISSRE},
  LONGpages={113--124},
  year={2004},
  LONGorganization={IEEE}
}

@inproceedings{elbaum2014techniques,
  title={Techniques for improving regression testing in continuous integration development environments},
  author={Elbaum, Sebastian and Rothermel, Gregg and Penix, John},
  LONGbooktitle={Proceedings of the 22nd ACM SIGSOFT International Symposium on Foundations of Software Engineering},
  booktitle={FSE},
  LONGpages={235--245},
  year={2014}
}

@inproceedings{just2018comparing,
  title={Comparing developer-provided to user-provided tests for fault localization and automated program repair},
  author={Just, Ren{\'e} and Parnin, Chris and Drosos, Ian and Ernst, Michael D},
  LONGbooktitle={Proceedings of the 27th ACM SIGSOFT International Symposium on Software Testing and Analysis},
  booktitle={ISSTA},
  LONGpages={287--297},
  year={2018}
}

@inproceedings{tan2015online,
  title={Online defect prediction for imbalanced data},
  author={Tan, Ming and Tan, Lin and Dara, Sashank and Mayeux, Caleb},
  LONGbooktitle={2015 IEEE/ACM 37th IEEE International Conference on Software Engineering},
  booktitle={ICSE},
  LONGvolume={2},
  LONGpages={99--108},
  year={2015},
  LONGorganization={IEEE}
}

@inproceedings{chekam2017empirical,
  title={An empirical study on mutation, statement and branch coverage fault revelation that avoids the unreliable clean program assumption},
  author={Chekam, Thierry Titcheu and Papadakis, Mike and Le Traon, Yves and Harman, Mark},
  LONGbooktitle={2017 IEEE/ACM 39th International Conference on Software Engineering (ICSE)},
  booktitle={ICSE},
  LONGpages={597--608},
  year={2017},
  LONGorganization={IEEE}
}

@inproceedings{shi2018evaluating,
  title={Evaluating test-suite reduction in real software evolution},
  author={Shi, August and Gyori, Alex and Mahmood, Suleman and Zhao, Peiyuan and Marinov, Darko},
  LONGbooktitle={Proceedings of the 27th ACM SIGSOFT International Symposium on Software Testing and Analysis},
  booktitle={ISSTA},
  LONGpages={84--94},
  year={2018}
}

@inproceedings{arcuri2011practical,
  title={A practical guide for using statistical tests to assess randomized algorithms in software engineering},
  author={Arcuri, Andrea and Briand, Lionel},
  LONGbooktitle={2011 33rd International Conference on Software Engineering (ICSE)},
  booktitle={ICSE},
  LONGpages={1--10},
  year={2011},
  LONGorganization={IEEE}
}

@book{wohlin2012experimentation,
  title={Experimentation in software engineering},
  author={Wohlin, Claes and Runeson, Per and H{\"o}st, Martin and Ohlsson, Magnus C and Regnell, Bj{\"o}rn and Wessl{\'e}n, Anders},
  year={2012},
  publisher={Springer Science \& Business Media}
}

@article{rothermel1997safe,
  title={A safe, efficient regression test selection technique},
  author={Rothermel, Gregg and Harrold, Mary Jean},
  journal={TOSEM},
  year={1997},
}

@misc{naturalexperiment,
 LONGtitle = {{Natural Experiment}},
 key = {Natural Experiment},
 year = {\currentYear{}},
 url = {https://en.wikipedia.org/wiki/Natural\_experiment}
}

@inproceedings{bohme2017bug,
  title={Where is the bug and how is it fixed? {A}n experiment with practitioners},
  author={B{\"o}hme, Marcel and Soremekun, Ezekiel O and Chattopadhyay, Sudipta and Ugherughe, Emamurho and Zeller, Andreas},
  LONGbooktitle={Proceedings of the 2017 11th Joint Meeting on Foundations of Software Engineering},
  booktitle={ESEC/FSE},
  LONGpages={117--128},
  year={2017}
}

@inproceedings{parnin2011automated,
  title={Are automated debugging techniques actually helping programmers?},
  author={Parnin, Chris and Orso, Alessandro},
  LONGbooktitle={Proceedings of the 2011 international symposium on software testing and analysis},
  booktitle={ISSTA},
  LONGpages={199--209},
  year={2011}
}

@inproceedings{shi2017optimizing,
  title={Optimizing test placement for module-level regression testing},
  author={Shi, August and Thummalapenta, Suresh and Lahiri, Shuvendu K and Bjorner, Nikolaj and Czerwonka, Jacek},
  LONGbooktitle={2017 IEEE/ACM 39th International Conference on Software Engineering (ICSE)},
  booktitle={ICSE},
  LONGpages={689--699},
  year={2017},
  LONGorganization={IEEE}
}

@inproceedings{rosenblum1996predicting,
  title={Predicting the cost-effectiveness of regression testing strategies},
  author={Rosenblum, David S and Weyuker, Elaine J},
  LONGbooktitle={Proceedings of the 4th ACM SIGSOFT symposium on Foundations of software engineering},
  booktitle={FSE},
  LONGpages={118--126},
  year={1996}
}

@inproceedings{bohme2014efficiency,
  title={On the efficiency of automated testing},
  author={B{\"o}hme, Marcel and Paul, Soumya},
  LONGbooktitle={Proceedings of the 22nd ACM SIGSOFT International Symposium on Foundations of Software Engineering},
  booktitle={FSE},
  LONGpages={632--642},
  year={2014}
}

@article{stratis2018speeding,
  title={Speeding up test execution with increased cache locality},
  author={Stratis, Panagiotis and Rajan, Ajitha},
  journal={Software Testing, Verification and Reliability},
  year={2018},
}

@inproceedings{stratis2016test,
  title={Test case permutation to improve execution time},
  author={Stratis, Panagiotis and Rajan, Ajitha},
  LONGbooktitle={Proceedings of the 31st IEEE/ACM International Conference on Automated Software Engineering},
  booktitle={ASE},
  LONGpages={45--50},
  year={2016}
}

@inproceedings{Elsner2021HPR,
author = {Elsner, Daniel and Hauer, Florian and Pretschner, Alexander and Reimer, Silke},
title = {Empirically evaluating readily available information for regression test optimization in continuous integration},
booktitle={ISSTA},
year={2021}
}

@inproceedings{Cheng2021ZMX,
author = {Cheng, Runxiang and Zhang, Lingming and Marinov, Darko and Xu, Tianyin},
title = {Test-case prioritization for configuration testing},
booktitle={ISSTA},
year={2021}
}

@inproceedings{wang2015improved,
  title={Improved metrics for non-classic test prioritization problems},
  author={Wang, Ziyuan and Chen, Lin},
  booktitle={SEKE},
  LONGpages={562--566},
  year={2015}
}

@misc{DZone2021JUnit,
 LONGtitle = {The Best {J}ava Testing Frameworks to focus in 2021},
 key = {The best Java testing frameworks to focus in 2021},
 year = {2021},
 url = {https://dzone.com/articles/the-best-java-testing-frameworks-to-focus-in-2021}
}

@misc{LamdaTest2021JUnit,
 LONGtitle = {9 Of The Best {J}ava Testing Frameworks For 2021},
 key = {9 of the best Java testing frameworks for 2021},
 year = {2021},
 url = {https://www.lambdatest.com/blog/9-of-the-best-java-testing-frameworks-for-2021}
}

@misc{SitesGoogle2021TestPrioritization,
 LONGtitle = {Test prioritization project website},
 key = {Test prioritization project website},
 year = {\currentYear{}},
 url = {https://sites.google.com/view/testprioritization}
}

@misc{JUnitRunListener,
    key = {JUnit RunListener Class},
    LONGtitle = {{JUnit RunListener}},
    year = {\currentYear{}},
    url = {https://junit.org/junit4/javadoc/4.12/org/junit/runner/notification/RunListener.html}
}

@inproceedings{stratis2018reordering,
  title={Reordering tests for faster test suite execution},
  author={Stratis, Panagiotis and Rajan, Ajitha},
  booktitle={ICSE: Companion},
  year={2018}
}

@inproceedings{nie2020debugging,
  title={Debugging the performance of Maven‚Äôs test isolation: Experience report},
  author={Nie, Pengyu and Celik, Ahmet and Coley, Matthew and Milicevic, Aleksandar and Bell, Jonathan and Gligoric, Milos},
  LONGbooktitle={Proceedings of the 29th ACM SIGSOFT International Symposium on Software Testing and Analysis},
  booktitle={ISSTA},
  LONGpages={249--259},
  year={2020}
}

@inproceedings{qu2007combinatorial,
  title={Combinatorial interaction regression testing: A study of test case generation and prioritization},
  author={Qu, Xiao and Cohen, Myra B and Woolf, Katherine M},
  LONGbooktitle={2007 IEEE International Conference on Software Maintenance},
  booktitle={ICSM},
  LONGpages={255--264},
  year={2007},
  LONGorganization={IEEE}
}

@inproceedings{walcott2006timeaware,
  title={Timeaware test suite prioritization},
  author={Walcott, Kristen R and Soffa, Mary Lou and Kapfhammer, Gregory M and Roos, Robert S},
  LONGbooktitle={Proceedings of the 2006 international symposium on Software testing and analysis},
  booktitle={ISSTA},
  LONGpages={1--12},
  year={2006}
}

@article{tukey1949comparing,
  title={Comparing individual means in the analysis of variance},
  author={Tukey, John W},
  journal={Biometrics},
  pages={99--114},
  year={1949},
  publisher={JSTOR}
}

@incollection{wilcoxon1992individual,
  title={Individual comparisons by ranking methods},
  author={Wilcoxon, Frank},
  booktitle={Breakthroughs in statistics},
  pages={196--202},
  year={1992},
  publisher={Springer}
}

@article{koru2008theory,
  title={Theory of relative defect proneness},
  author={Koru, A G{\"u}ne{\c{s}} and El Emam, Khaled and Zhang, Dongsong and Liu, Hongfang and Mathew, Divya},
  journal={Empirical Software Engineering},
  volume={13},
  number={5},
  pages={473--498},
  year={2008},
  publisher={Springer}
}

@misc{org.apache.santuario.xmlsec,
    key = {{Apache Santuario XML Security}},
    year = {\currentYear{}},
    url = {https://santuario.apache.org/}
}

@article{martello1990knapsack,
  title={Knapsack problems: algorithms and computer implementations},
  author={Martello, Silvano},
  journal={Wiley-Interscience series in discrete mathematics and optimiza tion},
  year={1990},
  publisher={John Wiley \& Sons Ltd.}
}

@inproceedings{wei2021probabilistic,
  title={Probabilistic and Systematic Coverage of Consecutive Test-Method Pairs for Detecting Order-Dependent Flaky Tests.},
  author={Wei, Anjiang and Yi, Pu and Xie, Tao and Marinov, Darko and Lam, Wing},
  booktitle={TACAS},
  LONGpages={270--287},
  year={2021}
}

@article{elbaum2002test,
  title={Test case prioritization: A family of empirical studies},
  author={Elbaum, Sebastian and Malishevsky, Alexey G and Rothermel, Gregg},
  journal={TSE},
  year={2002},
}

@InProceedings{Mirarab2007T,
author="Mirarab, Siavash and Tahvildari, Ladan",
title="A Prioritization Approach for Software Test Cases Based on {Bayesian} Networks",
booktitle="FASE",
year="2007",
}

@book{brigham1988fast,
  title={The fast Fourier transform and its applications},
  author={Brigham, E Oran},
  year={1988},
  publisher={Prentice-Hall, Inc.}
}

@article{endres2003new,
  title={A new metric for probability distributions},
  author={Endres, Dominik Maria and Schindelin, Johannes E},
  journal={Transactions on Information Theory},
  year={2003},
}

@ARTICLE{Bohme2016P,
  author={B\"{o}hme, Marcel and Paul, Soumya},
  journal={TSE}, 
  title={A Probabilistic Analysis of the Efficiency of Automated Software Testing}, 
  year={2016},
}

@inproceedings{Bohme2020MC,
author = {B\"{o}hme, Marcel and Man\`{e}s, Valentin J. M. and Cha, Sang Kil},
title = {Boosting Fuzzer Efficiency: {A}n Information Theoretic Perspective},
year = {2020},
booktitle = {ESEC/FSE},
}

@inproceedings{rothermel2002impact,
  title={The impact of test suite granularity on the cost-effectiveness of regression testing},
  author={Rothermel, Gregg and Elbaum, Sebastian and Malishevsky, Alexey and Kallakuri, Praveen and Davia, Brian},
  LONGbooktitle={Proceedings of the 24th International Conference on Software Engineering},
  booktitle={ICSE},
  LONGpages={130--140},
  year={2002}
}

@article{elbaum2003understanding,
  title={Understanding the effects of changes on the cost-effectiveness of regression testing techniques},
  author={Elbaum, Sebastian and Kallakuri, Praveen and Malishevsky, Alexey and Rothermel, Gregg and Kanduri, Satya},
  LONGjournal={Software testing, verification and reliability},
  journal={STVR},
  LONGvolume={13},
  LONGnumber={2},
  LONGpages={65--83},
  year={2003},
  LONGpublisher={Wiley Online Library}
}

@article{kim2005empirical,
  title={An empirical study of regression test application frequency},
  author={Kim, Jung-Min and Porter, Adam and Rothermel, Gregg},
  journal={STVR},
  year={2005},
}

@inproceedings{Pacheco2007LEB,
    author = {Carlos Pacheco and Shuvendu K. Lahiri and Michael D. Ernst
    and Thomas Ball},
    title = {Feedback-directed random test generation},
    crossref =     "ICSE2007",
    OLDKey="PachecoLEB2007"
}

@inproceedings{Zhang2011SBE,
    author = {Sai Zhang and David Saff and Yingyi Bu and Michael D. Ernst},
    title = {Combined static and dynamic automated test generation},
	booktitle = 	 "ISSTA",
	year = 	 2011,
    OLDKey="ZhangSBE2011"
}

@Article{Csallner2004S,
    author = 	 "Christoph Csallner and Yannis Smaragdakis",
    title = 	 "{JCrasher}: {A}n automatic robustness tester for {Java}",
    journal = 	 "SPE",
    year = 	 2004,
    OLDKey="CsallnerS2004:JCrasher"
}

@article{Csallner2008SX,
    author = {Csallner, Christoph and Smaragdakis, Yannis and Xie, Tao},
    title = {{DSD-C}rasher: {A} Hybrid Analysis Tool for Bug Finding},
    year = {2008},
    LONGpublisher = {Association for Computing Machinery},
    journal = {TOSEM},
}

@InProceedings{Fraser2011Z,
    author = 	 "Gordon Fraser and Andreas Zeller",
    title = 	 "Generating parameterized unit tests",
    booktitle = 	 "ISSTA",
	year = 	 2011,
    OLDKey="FraserZ2011"
}

@InProceedings{Claessen2000H,
    author = 	 "Koen Claessen and John Hughes",
    title = 	 "{QuickCheck}: {A} lightweight tool for random testing of
    {Haskell} programs",
    crossref =     "ICFP2000",
    OLDKey="ClaessenH2000"
}

@inproceedings{Ntafos1998ISSTA,
author = {Ntafos, Simeon},
title = {On Random and Partition Testing},
year = {1998},
booktitle = {ISSTA},
}

@ARTICLE{Duran1984N,
  author={Duran, Joe W. and Ntafos, Simeon C.},
  journal={TSE}, 
  title={An Evaluation of Random Testing}, 
  year={1984},
}

@INPROCEEDINGS{Hamlet1994,
    author = {Richard Hamlet},
    title = {Random Testing},
    booktitle = {Encyclopedia of Software Engineering},
    year = {1994},
}

@article{stanley2011enumerativeARTICLE,
  title={Enumerative Combinatorics, Volume 1\Space{, 2nd Edition}},
  author={Stanley, Richard P},
  journal={Cambridge Studies in Advanced Mathematics},
  year={2011}
}

@book{stanley2011enumerative,
  title={Enumerative Combinatorics, Volume 1\Space{, 2nd Edition}},
  author={Stanley, Richard P},
  publisher={Cambridge University Press},
  year={2011}
}

@inproceedings{lu2016does,
  title={How does regression test prioritization perform in real-world software evolution?},
  author={Lu, Yafeng and Lou, Yiling and Cheng, Shiyang and Zhang, Lingming and Hao, Dan and Zhou, Yangfan and Zhang, Lu},
  LONGbooktitle={Proceedings of the 38th International Conference on Software Engineering},
  booktitle={ICSE},
  LONGpages={535--546},
  year={2016}
}

@inproceedings{srivastava2002effectively,
  title={Effectively prioritizing tests in development environment},
  author={Srivastava, Amitabh and Thiagarajan, Jay},
  booktitle={Proceedings of the 2002 ACM SIGSOFT international symposium on Software testing and analysis},
  pages={97--106},
  year={2002}
}

@article{ozkan2019trace,
  title={Trace aware random testing for distributed systems},
  author={Ozkan, Burcu Kulahcioglu and Majumdar, Rupak and Oraee, Simin},
  LONGjournal={Proceedings of the ACM on Programming Languages},
  journal={OOPSLA},
  LONGvolume={3},
  NaNnumber={OOPSLA},
  LONGpages={1--29},
  year={2019},
  LONGpublisher={ACM New York, NY, USA}
}

@InProceedings{majumdar2017random,
  title={Why is random testing effective for partition tolerance bugs?},
  author={Majumdar, Rupak and Niksic, Filip},
  LONGjournal={Proceedings of the ACM on Programming Languages},
  booktitle={POPL},
  LONGvolume={2},
  NaNnumber={POPL},
  LONGpages={1--24},
  year={2017},
  LONGpublisher={ACM New York, NY, USA}
}

@InProceedings{ChengETAL21PrioritizingConfigurationTesting,
  author =       {Runxiang Cheng and Lingming Zhang and Darko Marinov and Tianyin Xu},
  title =        {Test-Case Prioritization for Configuration Testing},
  LONGbooktitle =    PROC # "ACM International Symposium on Software Testing and Analysis\ConfText{ISSTA 2021}",
  booktitle =    "ISSTA",
  LONGpages =        {452--465},
  LONGmonth =        Jul,
  year =         2021,
  LONGaddress =      {Virtual Conference\Comment{Aarhus, Denmark}},
}

@article{zhai2012prioritizing,
  title={Prioritizing Test Cases for Regression Testing of Location-Based Services: Metrics, Techniques, and Case Study},
  author={Zhai, Ke and Jiang, Bo and Chan, W.K.},
  LONGjournal={IEEE Transactions on Services Computing},
  journal={IEEE TSC},
  LONGvolume={7},
  LONGnumber={1},
  LONGpages={54--67},
  year={2012},
  LONGpublisher={IEEE}
}